@inproceedings{O1,
 author = {Saarinen, Aki and Siekkinen, Matti and Xiao, Yu and Nurminen, Jukka K. and Kemppainen, Matti and Hui, Pan},
 title = {Can Offloading Save Energy for Popular Apps?},
 booktitle = {Proceedings of the Seventh ACM International Workshop on Mobility in the Evolving Internet Architecture},
 series = {MobiArch '12},
 year = {2012},
 isbn = {978-1-4503-1526-5},
 location = {Istanbul, Turkey},
 pages = {3--10},
 numpages = {8},
 acmid = {2348680},
 publisher = {ACM},
 address = {New York, NY, USA},
 keywords = {android, energy, offloading, smartphone},
}

@INPROCEEDINGS{O2, 
author={Barbera, M.V. and Kosta, S. and Mei, A. and Stefa, J.}, 
booktitle={INFOCOM, 2013 Proceedings IEEE}, 
title={To offload or not to offload? The bandwidth and energy costs of mobile cloud computing}, 
year={2013}, 
month={April}, 
pages={1285-1293}, 
keywords={cloud computing;energy consumption;mobile computing;smart phones;Amazon EC2 public cloud;Android smartphones software clones;back-clone;battery consumption;cloud-based backup systems;energy consumption;mobile cloud computing bandwidth;mobile cloud computing energy cost;mobile computation offloading;mobile software-data backup;off-clone;Bandwidth;Batteries;Cloning;IEEE 802.11 Standards;Mobile communication;Smart phones;Software}, 
ISSN={0743-166X},}

@article{O4,
year={2013},
issn={1383-469X},
journal={Mobile Networks and Applications},
volume={18},
number={1},
title={A Survey of Computation Offloading for Mobile Systems},
publisher={Springer US},
keywords={mobile cloud computing; computation offloading; survey; energy; performance},
author={Kumar, Karthik and Liu, Jibang and Lu, Yung-Hsiang and Bhargava, Bharat},
pages={129-140},
language={English}
}

@inproceedings{O12,
 author = {Miettinen, Antti P. and Nurminen, Jukka K.},
 title = {Energy Efficiency of Mobile Clients in Cloud Computing},
 booktitle = {Proceedings of the 2Nd USENIX Conference on Hot Topics in Cloud Computing},
 series = {HotCloud'10},
 year = {2010},
 location = {Boston, MA},
 pages = {4--4},
 numpages = {1},
 acmid = {1863107},
 publisher = {USENIX Association},
 address = {Berkeley, CA, USA},
} 


@INPROCEEDINGS{O13, 
author={Huaming Wu and Qiushi Wang and Wolter, K.}, 
booktitle={Communications Workshops (ICC), 2013 IEEE International Conference on}, 
title={Tradeoff between performance improvement and energy saving in mobile cloud offloading systems}, 
year={2013}, 
month={June}, 
pages={728-732}, 
keywords={cloud computing;mobile computing;adaptive offloading scheme;battery life;cloud computation offloading;cloud computing;economic factor;energy saving;execution time;mobile cloud offloading systems;mobile devices;Bandwidth;Batteries;Cloud computing;Mobile communication;Mobile handsets;Performance evaluation;Servers;cloud computing;energy;offloading;time;tradeoff}
}

@INPROCEEDINGS{O11, 
author={Abolfazli, S. and Sanaei, Z. and Sanaei, M. H. and Shojafar, M. and Gani, A.}, 
booktitle={Encyclopedia of Cloud Computing}, 
title={Mobile cloud computing: The-state-of-the-art, challenges, and future research}, 
year={2014}, 
month={November},
publisher = {Willeys and Sons},
address = {USA},
}

@INPROCEEDINGS{O8, 
author={Lagerspetz, E. and Tarkoma, S.}, 
booktitle={Pervasive Computing and Communications Workshops (PERCOM Workshops), 2011 IEEE International Conference on}, 
title={Mobile search and the cloud: The benefits of offloading}, 
year={2011}, 
month={March}, 
pages={117-122}, 
keywords={cloud computing;mobile computing;cloud computing;cloud service;cloud storage operation;cloud-assisted operation;cloud-assisted search operation;mobile desktop search;offloading indexing;offloading operation;search use case;synchronization use case;Cloud computing;Indexing;Mobile communication;Mobile handsets;Synchronization;Wireless LAN}
}

@INPROCEEDINGS{ThinkAir, 
author={Kosta, S. and Aucinas, A. and Pan Hui and Mortier, R. and Xinwen Zhang}, 
booktitle={INFOCOM, 2012 Proceedings IEEE}, 
title={ThinkAir: Dynamic resource allocation and parallel execution in the cloud for mobile code offloading}, 
year={2012}, 
month={March}, 
pages={945-953}, 
keywords={cloud computing;computer games;computer viruses;distributed programming;face recognition;mobile computing;resource allocation;smart phones;telecommunication computing;virtual machines;virtualisation;N-queens puzzle application;ThinkAir;VM;cloud elasticity;cloud scalability;dynamic resource allocation;energy consumption;execution time;face detection;memory-hungry image combiner;method-level computation offloading;mobile cloud computing;mobile code offloading;multiple virtual machine images;parallel execution;smartphone virtualization;virus scan application;Cloning;Energy consumption;Hardware;Mobile communication;Servers;Smart phones;Software}, 
ISSN={0743-166X},}

@inproceedings{MAUI,
 author = {Cuervo, Eduardo and Balasubramanian, Aruna and Cho, Dae-ki and Wolman, Alec and Saroiu, Stefan and Chandra, Ranveer and Bahl, Paramvir},
 title = {MAUI: Making Smartphones Last Longer with Code Offload},
 booktitle = {Proceedings of the 8th International Conference on Mobile Systems, Applications, and Services},
 series = {MobiSys '10},
 year = {2010},
 isbn = {978-1-60558-985-5},
 location = {San Francisco, California, USA},
 pages = {49--62},
 numpages = {14},
 acmid = {1814441},
 publisher = {ACM},
 address = {New York, NY, USA},
 keywords = {code offload, energy management, partitioning, smartphones},
} 

@inproceedings{CloneCloud,
 author = {Chun, Byung-Gon and Ihm, Sunghwan and Maniatis, Petros and Naik, Mayur and Patti, Ashwin},
 title = {CloneCloud: Elastic Execution Between Mobile Device and Cloud},
 booktitle = {Proceedings of the Sixth Conference on Computer Systems},
 series = {EuroSys '11},
 year = {2011},
 isbn = {978-1-4503-0634-8},
 location = {Salzburg, Austria},
 pages = {301--314},
 numpages = {14},
 acmid = {1966473},
 publisher = {ACM},
 address = {New York, NY, USA},
 keywords = {migration, mobile cloud computing, offloading, partitioning, smartphones},
} 

@inproceedings{E1,
 author = {Carroll, Aaron and Heiser, Gernot},
 title = {An Analysis of Power Consumption in a Smartphone},
 booktitle = {Proceedings of the 2010 USENIX Conference on USENIX Annual Technical Conference},
 series = {USENIXATC'10},
 year = {2010},
 location = {Boston, MA},
 pages = {21--21},
 numpages = {1},
 acmid = {1855861},
 publisher = {USENIX Association},
 address = {Berkeley, CA, USA},
} 

@inproceedings{E3,
 author = {Pathak, Abhinav and Hu, Y. Charlie and Zhang, Ming},
 title = {Where is the Energy Spent Inside My App?: Fine Grained Energy Accounting on Smartphones with Eprof},
 booktitle = {Proceedings of the 7th ACM European Conference on Computer Systems},
 series = {EuroSys '12},
 year = {2012},
 isbn = {978-1-4503-1223-3},
 location = {Bern, Switzerland},
 pages = {29--42},
 numpages = {14},
 acmid = {2168841},
 publisher = {ACM},
 address = {New York, NY, USA},
 keywords = {Eprof, energy, mobile, smartphones},
}

@MISC{e3-1,
 author = {Daley, E.},
 title = {The Mobile \glqq App Internet\grqq\ Recasts the Software \& Services Landscape},
 year = {2011},
 url = {http://de.slideshare.net/nasscom-emerge/forrester-8840580}
}

@MISC{o13-6,
 url = {http://edition.cnn.com/2005/TECH/ptech/09/22/phone.study/},
 year = {2013},
 title = {Battery life concerns mobile users},
 author = {CNN International}
}

@INPROCEEDINGS{O12-5, 
author={Neuvo, Y.}, 
booktitle={Solid-State Circuits Conference, 2004. Digest of Technical Papers. ISSCC. 2004 IEEE International}, 
title={Cellular phones as embedded systems}, 
year={2004}, 
month={Feb}, 
pages={32-37 Vol.1}, 
keywords={3G mobile communication;Internet;cellular radio;digital signal processing chips;display devices;embedded systems;leakage currents;low-power electronics;mobile handsets;packet switching;power amplifiers;radio receivers;reviews;telecommunication standards;DSP efficiency;Internet protocols;analog receiver circuits;audio performance;cellular phone technologies;cellular phones;data rates;delivery volumes;digital receiver circuits;embedded communications system;embedded systems;end-user satisfaction;handheld devices;high level integration;integration challenges;leakage currents;memory size;multi-radio devices;multifunctional terminals;multimedia capabilities;packet-switched traffic;performance indicators;phone displays;phone software;power consumption;power-amplifier efficiency;processing power;radio interfaces;solid-state-circuit research-and-development;talk mode;technical challenges;terminal trends;third-generation cellular standards;Assembly;Auditory displays;Cellular phones;Circuits;Digital signal processing;Embedded system;Energy consumption;Handheld computers;Leakage current;Telecommunication standards}, 
ISSN={0193-6530},}

@TECHREPORT{O12-8,
author = {Robinson, S.},
title = {Cellphone Energy Gap: Desperately Seeking Solutions},
institution = {Strategy Analytics},
year = {2009},
}

@incollection{cuckoo,
year={2012},
isbn={978-3-642-29335-1},
booktitle={Mobile Computing, Applications, and Services},
volume={76},
series={Lecture Notes of the Institute for Computer Sciences, Social Informatics and Telecommunications Engineering},
editor={Gris, Martin and Yang, Guang},
title={Cuckoo: A Computation Offloading Framework for Smartphones},
publisher={Springer Berlin Heidelberg},
keywords={Mobile Computing; Computation Offloading},
author={Kemp, Roelof and Palmer, Nicholas and Kielmann, Thilo and Bal, Henri},
pages={59-79},
language={English}
}

@inproceedings{moca,
 author = {Banerjee, Arijit and Chen, Xu and Erman, Jeffrey and Gopalakrishnan, Vijay and Lee, Seungjoon and Van Der Merwe, Jacobus},
 title = {MOCA: A Lightweight Mobile Cloud Offloading Architecture},
 booktitle = {Proceedings of the Eighth ACM International Workshop on Mobility in the Evolving Internet Architecture},
 series = {MobiArch '13},
 year = {2013},
 isbn = {978-1-4503-2366-6},
 location = {Miami, Florida, USA},
 pages = {11--16},
 numpages = {6},
 acmid = {2505907},
 publisher = {ACM},
 address = {New York, NY, USA},
 keywords = {LTE, SDN, cloud, mobile architecture, traffic offloading},
}

@MISC{smartdiet,
    author = {Aki Saarinen and Matti Siekkinen and Yu Xiao and Jukka K. Nurminen and Pan Hui},
    title = {SmartDiet: Can Offloading Save Energy for Popular Apps?},
    year = {2011}
}

@MISC{thoughtsoncloud,
	author = {Shamim Hossain},
	title = {What is mobile cloud computing?},
	year = {2013},
	url = {http://archive.thoughtsoncloud.com/2013/06/mobile-cloud-computing/}
}

@inproceedings{seeds,
 author = {Manotas, Irene and Pollock, Lori and Clause, James},
 title = {SEEDS: A Software Engineer's Energy-optimization Decision Support Framework},
 booktitle = {Proceedings of the 36th International Conference on Software Engineering},
 series = {ICSE 2014},
 year = {2014},
 isbn = {978-1-4503-2756-5},
 location = {Hyderabad, India},
 pages = {503--514},
 numpages = {12},
 acmid = {2568297},
 publisher = {ACM},
 address = {New York, NY, USA},
 keywords = {Energy usage, analysis framework, software optimization},
} 

@MISC{seeds-34,
url = {http://opensignal.com/reports/fragmentation-2013/},
author = {OpenSignal},
title = {Android fragmentation visualized},
year = {2013}
}

@inproceedings{powertutor,
 author = {Zhang, Lide and Tiwana, Birjodh and Qian, Zhiyun and Wang, Zhaoguang and Dick, Robert P. and Mao, Zhuoqing Morley and Yang, Lei},
 title = {Accurate Online Power Estimation and Automatic Battery Behavior Based Power Model Generation for Smartphones},
 booktitle = {Proceedings of the Eighth IEEE/ACM/IFIP International Conference on Hardware/Software Codesign and System Synthesis},
 series = {CODES/ISSS '10},
 year = {2010},
 isbn = {978-1-60558-905-3},
 location = {Scottsdale, Arizona, USA},
 pages = {105--114},
 numpages = {10},
 acmid = {1878982},
 publisher = {ACM},
 address = {New York, NY, USA},
 keywords = {battery, mobile phones, power modeling},
} 
